@comment{x-kbibtex-personnameformatting=<%l><, %f>}

@book{guo2013lattice,
  title={Lattice Boltzmann method and its applications in engineering},
  author={Guo, Zhaoli and Shu, Chang},
  volume={3},
  year={2013},
  publisher={World Scientific}
}

@book{huang2015multiphase,
  title={Multiphase lattice Boltzmann methods: Theory and application},
  author={Huang, Haibo and Sukop, Michael and Lu, Xiyun},
  year={2015},
  publisher={John Wiley \& Sons}
}

@article{kruger2017lattice,
  title={The lattice Boltzmann method: Principles and practice. sl: Springer international publishing},
  author={Kr{\"u}ger, T and others},
  year={2017}
}

@book{succi2018lattice,
  title={The lattice Boltzmann equation: for complex states of flowing matter},
  author={Succi, Sauro and Succi, S},
  year={2018},
  publisher={Oxford University Press}
}

@phdthesis{rinaldi2011modelos,
  title={Modelos de aut{\'o}matas celulares sobre unidades de procesamiento gr{\'a}fico de alta performance},
  author={Rinaldi, Pablo R},
  year={2011},
  school={Universidad Nacional de Cuyo}
}

@article{fogliatto2019simulation,
  title={Simulation of phase separation in a Van der Waals fluid under gravitational force with Lattice Boltzmann method},
  author={Fogliatto, Ezequiel Oscar and Clausse, Alejandro and Teruel, Federico Eduardo},
  journal={International Journal of Numerical Methods for Heat \& Fluid Flow},
  year={2019},
  publisher={Emerald Publishing Limited}
}

@article{fogliatto2018modelado,
  title={Modelado y Simulaci{\'o}n de Flujo Multif{\'a}sico Mediante el M{\'e}todo de Lattice-Boltzmann},
  author={Fogliatto, Ezequiel O and Teruel, Federico E and Clausse, Alejandro},
  journal={Mec{\'a}nica Computacional},
  volume={36},
  number={23},
  pages={1071--1077},
  year={2018}
}